<record><leader>00000cas a2200000 a 4500</leader><controlfield tag="001">12277324</controlfield><controlfield tag="008">850718d18661876miuwr ne      0    0eng d</controlfield><datafield ind1=" " ind2=" " tag="010"><subfield code="a">sn 85033814 </subfield></datafield><datafield ind1=" " ind2=" " tag="040"><subfield code="a">NPU</subfield><subfield code="b">eng</subfield><subfield code="c">NPU</subfield><subfield code="d">NPX</subfield><subfield code="d">MGN</subfield><subfield code="d">MHN</subfield><subfield code="d">OCL</subfield><subfield code="d">OCLCQ</subfield><subfield code="d">OCLCF</subfield><subfield code="d">OCLCO</subfield></datafield><datafield ind1=" " ind2=" " tag="042"><subfield code="a">msc</subfield></datafield><datafield ind1=" " ind2=" " tag="043"><subfield code="a">n-us-mi</subfield></datafield><datafield ind1="0" ind2=" " tag="130"><subfield code="a">Raisin Valley record (Tecumseh, Mich. : 1866)</subfield></datafield><datafield ind1="1" ind2="0" tag="245"><subfield code="a">Raisin Valley record.</subfield></datafield><datafield ind1="3" ind2=" " tag="246"><subfield code="a">Raisin record</subfield></datafield><datafield ind1="1" ind2="3" tag="246"><subfield code="a">Record</subfield></datafield><datafield ind1=" " ind2=" " tag="260"><subfield code="a">Tecumseh, Mich. :</subfield><subfield code="b">P.R. &amp; P.W. Adams</subfield></datafield><datafield ind1=" " ind2=" " tag="300"><subfield code="a">v. ;</subfield><subfield code="c">61 cm.</subfield></datafield><datafield ind1=" " ind2=" " tag="310"><subfield code="a">Weekly</subfield></datafield><datafield ind1="1" ind2=" " tag="362"><subfield code="a">Began Sept. 15, 1866. Cf. Hist. of the press of Mich., 1876.</subfield></datafield><datafield ind1="1" ind2=" " tag="362"><subfield code="a">Ceased in 1876?</subfield></datafield><datafield ind1=" " ind2=" " tag="500"><subfield code="a">"Valley" appears in small type above the title ornament, &lt;June 1876&gt;-</subfield></datafield><datafield ind1=" " ind2=" " tag="500"><subfield code="a">Editor: Charles T. Chapin, &lt;1876&gt;.</subfield></datafield><datafield ind1=" " ind2=" " tag="500"><subfield code="a">Republican, &lt;1876&gt;.</subfield></datafield><datafield ind1=" " ind2=" " tag="588"><subfield code="a">Description based on: Vol. 2, no. 51 (Sept. 10, 1868).</subfield></datafield><datafield ind1=" " ind2="0" tag="651"><subfield code="a">Tecumseh (Mich.)</subfield><subfield code="v">Newspapers.</subfield></datafield><datafield ind1=" " ind2="0" tag="651"><subfield code="a">Lenawee County (Mich.)</subfield><subfield code="v">Newspapers.</subfield></datafield><datafield ind1=" " ind2="7" tag="655"><subfield code="a">Newspapers.</subfield><subfield code="2">fast</subfield><subfield code="0">(OCoLC)fst01423814</subfield></datafield><datafield ind1=" " ind2="7" tag="651"><subfield code="a">Michigan</subfield><subfield code="z">Lenawee County.</subfield><subfield code="2">fast</subfield><subfield code="0">(OCoLC)fst01211964</subfield></datafield><datafield ind1=" " ind2="7" tag="651"><subfield code="a">Michigan</subfield><subfield code="z">Tecumseh.</subfield><subfield code="2">fast</subfield><subfield code="0">(OCoLC)fst01232628</subfield></datafield><datafield ind1=" " ind2=" " tag="752"><subfield code="a">United States</subfield><subfield code="b">Michigan</subfield><subfield code="c">Lenawee</subfield><subfield code="d">Tecumseh.</subfield></datafield></record>